@inproceedings{cosp2014,
author = {Brilkov, I and Vedenkin, N and Panasyuk, M and Amelyushkin, A and Petrov, V and Nechayev, O and Benghin, V},
booktitle = {40th COSPAR Scientific Assembly},
series = {COSPAR Meeting},
title = {{DEPRON dosimeter for ``Lomonosov'' satellite}},
volume = {40},
year = {2014}
}
@inproceedings{angelopoulos2011university1295357,
author = {Panasyuk, M I and Amelyushkin, A M and Angelopoulos, V and Benghin, V V and Brilkov, I A and Garipov, G K and Khrenov, B A and Klimov, P A and Osedlo, V I and Park, I H and Petrov, V L and Radchenko, V V and Shprits, Y Y and Svertilov, S I and Tulupov, V I and Vedenkin, N N and Yashin, I V},
booktitle = {Physics of Auroral Phenomena, Proc. XXXIII Annual Seminar},
pages = {140--143},
publisher = {Apatity},
title = {{University satellites development program}},
year = {2011}
}
@inproceedings{angelopoulos2010university5851829,
author = {Panasyuk, M I and Amelyushkin, A M and Angelopoulos, V and Benghin, V V and Brilkov, I A and Garipov, G K and Khrenov, B A and Klimov, P A and Park, I H and Petrov, V L and Shprits, Y Y and Svertilov, S I and Tulupov, V I and Vedenkin, N N and Yashin, I V},
booktitle = {33-rd Annual Seminar Physics of Auroral Phenomena},
pages = {65},
publisher = {Apatity},
title = {{University satellites development program}},
year = {2010}
}
@inproceedings{grafodatsky2016development21020642,
author = {Panasyuk, M I and Yashin, I V and Podzolko, M V and Kovtyukh, A S and Brilkov, I A and Kalegaev, V V and Osedlo, V I and Tulupov, V I and Vlasova, N A and Grafodatskiy, O S and Ishin, S V and Lemeshevskiy, S A and Teselkin, S F},
booktitle = {International Worksop},
title = {{Development of multispacecraft system for radiation monitoring}}
}
@inproceedings{grafodatsky2016development29907367,
annote = {The fluxes of energetic particles near the Earth pose a significant radiation threat to spacecraft electronic. At the same time the fluxes of particles in Earth's radiation belts even during geomagnetically quiet conditions experience mid- and long-term variations within several orders of magnitude. Therefore using the existing static empirical models of Earth's radiation belts to estimate radiation conditions in spacecraft orbits is not always appropriate.
For that reason Skobeltsyn Institute of Nuclear Physics of Moscow State University (SINP MSU) is developing a system of small spacecraft for operative (close to “real time”) monitoring of radiation conditions in the near-Earth's space.
Several small spacecraft with a mass of Other applications of received experimental data will be: developing the new (possibly dynamical) Earth's radiation belt models, and studying the problems of Earth's magnetosphere physics.
For placing satellites into orbit it is planned to take advantage of accompanied launch by “Soyuz” rocket with “Frigate” upper stage developed by NPO Lavochkin, for example during launch of main payload into “Molniya”-type orbit. Alternatives are using the light-class space rocket or rising from LEO by using compact electric rocket engine.
Currently the first research stage of this project is being carried out under the contract with Ministry of Education and Science of Russia, during which the optimal spacecraft orbits and detector construction and placement are being determined.},
author = {Panasyuk, M I and Yashin, I V and Podzolko, M V and Kovtyukh, A S and Brilkov, I A and Kalegaev, V V and Osedlo, V I and Vlasova, N A and Tulupov, V I and Grafodatskiy, O S and Ishin, S V and Lemeshevskiy, S A and Teselkin, S F},
booktitle = {Proceedings of 67th International Astronautical Congress, Guadalajara, Mexico, 26–30 September 2016},
pages = {IAC--16,B4,3,x35597},
publisher = {Guadalajara, Mexico},
title = {{Development of a system of multiple small satellites for space radiation monitoring}},
year = {2016}
}
@inproceedings{zolotarev2016modelirovanie36997161,
author = {Золотарев, И А and Новиков, Л С and Оседло, В И and Тулупов, В И and Чирская, Н П},
booktitle = {Труды XVII Межвузовской научной школы молодых специалистов},
title = {{Моделирование характеристик детектора космических излучений}}
}
@inproceedings{vlasova2015sozdanie9633838,
annote = {Потоки ионизирующих излучений в околоземном космическом пространстве варьируются на порядки величины, поэтому имеющиеся усреднённые эмпирические модели радиационных поясов Земли не всегда могут служить для оценки радиационных условий на орбитах. НИИЯФ МГУ совместно с НИИЭМ ведут разработку группировки малых спутников для оперативного мониторинга радиационных условий в околоземном космическом пространстве. Несколько малых космических аппаратов должны быть выведены на разные круговые или эллиптические орбиты, измерять пространственно-энергетическое распределение потоков энергичных протонов и электронов в околоземном пространстве и оперативно передавать данные измерений на Землю через спутниковые системы ретрансляции данных. На данном этапе рассматриваются, просчитываются и отбираются оптимальные варианты орбит космических аппаратов группировки, а также состава и размещения измерительной аппаратуры.},
author = {Панасюк, М И and Яшин, И В and Брильков, И А and Власова, Н А and Калегаев, В В and Ковтюх, А С and Оседло, В И and Подзолко, М В and Тулупов, В И and Рябиков, В М and Туманов, М В},
booktitle = {Исследования солнечно-земных связей: Материалы научной сессии Секции солнечно-земных связей Совета по космосу Российской академии наук, под ред. А. А. Петруковича},
pages = {141--153},
publisher = {М.: ИКИ РАН},
title = {{Создание группировки малых космических аппаратов для осуществления радиационного мониторинга в околоземном космическом пространстве}},
year = {2015}
}
@inproceedings{amelyushkin2015sozdanie10657329,
author = {Петров, В Л and Климов, П А and Брильков, И А and Амелюшкин, А М and Горбовской, Е С},
booktitle = {Космодром Восточный и перспективы развития российской космонавтики: тезисы докладов Всероссийской молодёжной научно-практической конференции 05-06 июня 2015 г., г. Благовещенск)},
pages = {150},
publisher = {Самарский государственный аэрокосмический университет Самара},
title = {{Создание и подготовка к запуску комплекса научной аппаратуры для астрофизических и космофизических исследований на борту спутника Ломоносов}},
year = {2015}
}
