@book{logachev2007issledovanie2041955,
    author = "Логачев, Ю. И.",
    title = "Исследование космоса в НИИЯФ МГУ. Первые 50 лет космической эры",
    year = "2007",
    pages = "176",
    publisher = "КДУ Москва",
    language = "russian"
}
